@Misc{salesforce,
	Title = "Cloud computing – apps on tap",
	Url = "http://www.salesforce.com/eu/cloudcomputing/",
	note = {Online; accessed 06-November-2016}
}

@Misc{IBMcloud,
	Title = "What is cloud computing?",
	Url = "https://www.ibm.com/cloud-computing/what-is-cloud-computing",
	note = {Online; accessed 06-November-2016}
}

@Misc{IBMcloud:SaaS,
	Title = "What is cloud computing {SaaS}?",
	Url = "http://www.ibm.com/cloud-computing/images/what_is_cc_SaaS_580x530.jpg",
	note = {Online; accessed 06-November-2016}
}

@Misc{IBMcloud:PaaS,
	Title = {What is cloud computing {PaaS}?},
	Url = "http://www.ibm.com/cloud-computing/images/what_is_cc_PaaS_580x425.jpg",
	note = {Online; accessed 06-November-2016}
}

@article{SDN_Arch_ieee, 
	title={Software defined network — Architectures}, 
	DOI={10.1109/pdgc.2014.7030788}, 
	journal={2014 International Conference on Parallel, 
	Distributed and Grid Computing}, 
	author={Nishtha and Sood, Manu}, 
	year={2014}
}

@misc{jose2011online,
author = {Jose, Lavanya and Yu, Minlan and Rexford, Jennifer},
title = {Online Measurement of Large Traffic Aggregates on Commodity Switches.},
howpublished = {\url{http://static.usenix.org/events/hotice11/tech/full_papers/Jose.pdf}},
month = {},
year = {},
note = {(Accessed on 03/14/2017)}
}

@inproceedings{Nayak:2009:RDA:1592681.1592684,
 author = {Nayak, Ankur Kumar and Reimers, Alex and Feamster, Nick and Clark, Russ},
 title = {Resonance: Dynamic Access Control for Enterprise Networks},
 booktitle = {Proceedings of the 1st ACM Workshop on Research on Enterprise Networking},
 series = {WREN '09},
 year = {2009},
 isbn = {978-1-60558-443-0},
 location = {Barcelona, Spain},
 pages = {11--18},
 numpages = {8},
 url = {http://doi.acm.org/10.1145/1592681.1592684},
 doi = {10.1145/1592681.1592684},
 acmid = {1592684},
 publisher = {ACM},
 address = {New York, NY, USA},
 keywords = {access control, enterprise networks, programmable networks},
} 

@inproceedings{ballard2010extensible,
  title={Extensible and Scalable Network Monitoring Using OpenSAFE.},
  author={Ballard, Jeffrey R and Rae, Ian and Akella, Aditya},
  booktitle={INM/WREN},
  year={2010}
}

@inproceedings{al2010hedera,
  title={Hedera: Dynamic Flow Scheduling for Data Center Networks.},
  author={Al-Fares, Mohammad and Radhakrishnan, Sivasankar and Raghavan, Barath and Huang, Nelson and Vahdat, Amin},
  booktitle={NSDI},
  volume={10},
  pages={19--19},
  year={2010}
}

@article{wang2011openflow,
  title={OpenFlow-Based Server Load Balancing Gone Wild.},
  author={Wang, Richard and Butnariu, Dana and Rexford, Jennifer and others},
  journal={Hot-ICE},
  volume={11},
  pages={12--12},
  year={2011}
}


@misc{Floodlight_defn,
author = {},
title = {What is a Floodlight Controller? - Defined},
howpublished = {\url{https://www.sdxcentral.com/sdn/definitions/sdn-controllers/open-source-sdn-controllers/what-is-floodlight-controller/}},
month = {},
year = {},
note = {(Accessed on 03/08/2017)}
}

@misc{Floodlight_arch,
author = {},
title = {Floodlight architecture diagram},
howpublished = {\url{https://www.sdxcentral.com/wp-content/uploads/2014/09/floodlight-open-sdn-controller-diagram.jpg}},
month = {},
year = {},
note = {(Accessed on 03/08/2017)}
}

@misc{OpenDaylight_defn,
author = {},
title = {OpenDaylight Controller Overview — OpenDaylight Documentation Boron documentation},
howpublished = {\url{http://docs.opendaylight.org/en/stable-boron/user-guide/opendaylight-controller-overview.html}},
month = {},
year = {},
note = {(Accessed on 03/14/2017)}
}

@misc{OpenDaylight_framework,
author = {},
title = {Architectural\_Framework.jpg (717×435)},
howpublished = {\url{https://wiki.opendaylight.org/images/b/b1/Architectural_Framework.jpg}},
month = {},
year = {},
note = {(Accessed on 03/14/2017)}
}

@misc{What_is_SDN,
	author = {},
	title = {What’s Software-Defined Networking (SDN)?},
	howpublished = {\url{https://www.sdxcentral.com/sdn/definitions/what-the-definition-of-software-defined-networking-sdn/}},
	month = {},
	year = {},
	note = {(Accessed on 03/06/2017)}
}

@misc{RYU_Switching_Hub,
	author = {},
	title = {Switching Hub — Ryubook 1.0 documentation},
	Url = "https://osrg.github.io/ryu-book/en/html/switching_hub.html",
	month = {},
	year = {},
	note = {(Accessed on 03/06/2017)}
}

@misc{ryu_framewrk_png,
	author = {},
	title = {Ryu-controller-sdn-framework.jpg (JPEG Image, 900 × 495 pixels)},
	Url = "https://www.sdxcentral.com/wp-content/uploads/2014/09/ryu-controller-sdn-framework.jpg",
	month = {},
	year = {},
	note = {(Accessed on 03/08/2017)}
}


@misc{RYU_Desc,
    author = {},
    title = {What is Ryu Controller?},
    year = {} ,
    url = "https://www.sdxcentral.com/sdn/definitions/sdn-controllers/open-source-sdn-controllers/what-is-ryu-controller/",
    urldate = {2017-03-08}
}

@Misc{IBMcloud:IaaS,
	Title = {What is cloud computing {IaaS}?},
	Url = "http://www.ibm.com/cloud-computing/images/what_is_cc_IaaS_580x425-2.jpg",
	note = {Online; accessed 06-November-2016}
}

@Misc{OpenStack,
	title = {What is {OpenStack}?},
	Url = "http://www.openstack.org/software/",
	note = {Online; accessed 06-November-2016}
}

@Misc{SDN,
	title = {What is {SDN}?},
	Url = "https://www.opennetworking.org/sdn-resources/sdn-definition",
	note = {Online; accessed 01-March-2017}
}

@Misc{BIC:IRAP,
	title = {What is {BIC-IRAP}?},
	Url = "http://www.bic-irap.de/index.php/en",
	note = {Online; accessed 01-March-2017}
}

@Misc{SDN:architecture,
	Title = {SDN {architecture} diagram},
	Url = "https://www.sdxcentral.com/wp-content/uploads/2015/03/sdn-architecture.png",
	note = {Online; accessed 02-March-2017}
}

@article{ieee2012802,
  title={802.11-2012-IEEE Standard for Information technology--Telecommunications and information exchange between systems Local and metropolitan area networks--Specific requirements Part 11: Wireless LAN Medium Access Control (MAC) and Physical Layer (PHY) Specifications},
  author={IEEE Standards Association and others},
  journal={IEEE Std},
  volume={802},
  year={2012}
}

@misc{hostapd,
	author = {},
	title = {hostapd: IEEE 802.11 AP, IEEE 802.1X/WPA/WPA2/EAP/RADIUS Authenticator},
	howpublished = {\url{http://w1.fi/hostapd/}},
	month = {},
	year = {},
	note = {(Accessed on 03/02/2017)}
}

@misc{RFC5412L97,
	author = {},
	title = {RFC 5412 - Lightweight Access Point Protocol},
	howpublished = {\url{https://tools.ietf.org/html/rfc5412}},
	month = {},
	year = {},
	note = {(Accessed on 03/02/2017)}
}

@misc{Hotspot_2.0_Definition,
	author = {},
	title = {Understanding Wi-Fi Hotspot 2.0 and How to Leverage it for Your Business, by Jason Guest},
	howpublished = {\url{http://hotelexecutive.com/business_review/3674/understanding-wi-fi-hotspot-20-and-how-to-leverage-it-for-your-business}},
	month = {},
	year = {},
	note = {(Accessed on 03/02/2017)}
}

@misc{IEEE802.11u,
	author = {},
	title = {IEEE Xplore Full-Text PDF:},
	howpublished = {\url{http://ieeexplore.ieee.org/stamp/stamp.jsp?arnumber=5721908}},
	month = {},
	year = {},
	note = {(Accessed on 03/02/2017)}
}

@misc{Hotspot_2.0,
	author = {},
	title = {wp-hotspot-2.0.pdf},
	howpublished = {\url{http://a030f85c1e25003d7609-b98377aee968aad08453374eb1df3398.r40.cf2.rackcdn.com/wp/wp-hotspot-2.0.pdf}},
	month = {},
	year = {},
	note = {(Accessed on 03/02/2017)}
}

@misc{Passpoint,
	author = {},
	title = {Wi-Fi CERTIFIED Passpoint | Wi-Fi Alliance},
	howpublished = {\url{http://www.wi-fi.org/discover-wi-fi/wi-fi-certified-passpoint}},
	month = {},
	year = {},
	note = {(Accessed on 03/02/2017)}
}

@Misc{OpenStack:software,
	Title = {OpenStack {Software} diagram},
	Url = "http://www.openstack.org/themes/openstack/images/software/openstack-software-diagram.png",
	note = {Online; accessed 06-November-2016}
}

@Misc{conceptualarchitecture,
	title = {Conceptual architecture},
	Url = "http://docs.openstack.org/liberty/install-guide-obs/common/get_started_conceptual_architecture.html",
	note = {Online; accessed 06-November-2016}
}

@Misc{openstackusecases,
	title = {The use cases of {OpenStack}},
	Url = "http://docs.openstack.org/arch-design/introduction-how-this-book-is-organized.html",
	note = {Online; accessed 06-November-2016}
}

@Misc{OpenStack:state_transitions,
	Title = {Virtual {Machine} {States} and {Transitions}},
	Url = "http://docs.openstack.org/developer/nova/_images/graphviz-aa3b50f03fc95e5ea0896d5f2c606d809e3e2741.png",
	note = {Online; accessed 06-November-2016}
}

@Misc{OpenStack:filteringworkflow1,
	Title = {Filter {Scheduler}},
	Url = "http://docs.openstack.org/developer/nova/_images/filteringWorkflow1.png",
	note = {Online; accessed 06-November-2016}
}

@Misc{OpenStack:filteringWorkflow2,
	Title = {Filter {Scheduler}},
	Url = "http://docs.openstack.org/developer/nova/_images/filteringWorkflow2.png",
	note = {Online; accessed 06-November-2016}
}

@Misc{OpenStack:hwreqs,
	Title = {Overview},
	Url = "http://docs.openstack.org/liberty/install-guide-ubuntu/_images/hwreqs.png",
	note = {Online; accessed 06-November-2016}
}

@Misc{OpenStack:networklayout,
	Title = {Host networking},
	Url = "http://docs.openstack.org/liberty/install-guide-ubuntu/_images/networklayout.png",
	note = {Online; accessed 06-November-2016}
}

@Misc{openstackinstall,
	title = {OpenStack {Installation} {Guide} for {Ubuntu}},
	Url = "http://docs.openstack.org/liberty/install-guide-ubuntu/",
	note = {Online; accessed 06-November-2016}
}

@Misc{openstack_nfv,
	Title={Accelerating {NFV} {Delivery} with {OpenStack}, {OpenStack} {Foundation} {Report}},
	Url = "http://www.openstack.org/assets/telecoms-and-nfv/OpenStack-Foundation-NFV-Report.pdf",
	note = {Online; accessed 05-November-2016}
}

@Misc{nfv_technical_overview,
	Title = {Open {Platform} for {NFV} {(OPNFV)}},
	Url = "https://www.opnfv.org/",
	note = {Online; accessed 05-November-2016}
}

@Misc{openBatonFeatures,
	Title = {Open {Baton} features},
	Url = "http://openbaton.github.io/images/feature1.png",
	note = {Online; accessed 05-November-2016}
}

@Misc{cplex-optimizer,
	title = {{CPLEX} {Optimizer}},
	Url = "https://www-01.ibm.com/software/commerce/optimization/cplex-optimizer/",
	note = {Online; accessed 22-November-2016}
}

